<collection xmlns='http://www.loc.gov/MARC21/slim' xmlns:xsi='http://www.w3.org/2001/XMLSchema-instance' xsi:schemaLocation='http://www.loc.gov/standards/marcxml/schema/MARC21slim.xsd'>
  <record xmlns="http://www.loc.gov/MARC21/slim">
    <leader>00000ctm a2200000Ia 4500</leader>
    <controlfield tag="001">on1080520199</controlfield>
    <controlfield tag="008">181231q16501750xx p          000 0 ara d</controlfield>
    <datafield tag="040" ind1=" " ind2=" ">
      <subfield code="a">PLF</subfield>
      <subfield code="b">eng</subfield>
      <subfield code="e">amremm</subfield>
      <subfield code="c">PLF</subfield>
      <subfield code="d">OCLCO</subfield>
      <subfield code="d">PLF</subfield>
      <subfield code="d">OCLCF</subfield>
      <subfield code="d">PLF</subfield>
    </datafield>
    <datafield tag="035" ind1=" " ind2=" ">
      <subfield code="a">(PLF)2438123</subfield>
    </datafield>
    <datafield tag="041" ind1="1" ind2=" ">
      <subfield code="a">ara</subfield>
      <subfield code="a">per</subfield>
      <subfield code="h">ara</subfield>
    </datafield>
    <datafield tag="099" ind1=" " ind2=" ">
      <subfield code="a">Lewis O 18</subfield>
    </datafield>
    <datafield tag="049" ind1=" " ind2=" ">
      <subfield code="a">PLFF</subfield>
    </datafield>
    <datafield tag="130" ind1="0" ind2=" ">
      <subfield code="6">880-01</subfield>
      <subfield code="a">Qurʼan.</subfield>
    </datafield>
    <datafield tag="245" ind1="1" ind2="4">
      <subfield code="6">880-02</subfield>
      <subfield code="a">[al-Qurʼān].</subfield>
    </datafield>
    <datafield tag="260" ind1=" " ind2=" ">
      <subfield code="a">[South Asia?],</subfield>
      <subfield code="c">[between 1650 and 1750?]</subfield>
    </datafield>
    <datafield tag="300" ind1=" " ind2=" ">
      <subfield code="a">392 leaves :</subfield>
      <subfield code="b">paper, illuminations ;</subfield>
      <subfield code="c">285 x 165 (210 x 115) mm bound to 290 x 185 mm.</subfield>
    </datafield>
    <datafield tag="500" ind1=" " ind2=" ">
      <subfield code="a">Ms. codex.</subfield>
    </datafield>
    <datafield tag="520" ind1=" " ind2=" ">
      <subfield code="a">Complete copy of the Qurʼān with interlinear Persian translation and extensive marginal comments.</subfield>
    </datafield>
    <datafield tag="546" ind1=" " ind2=" ">
      <subfield code="a">Arabic with Persian translation and marginal comments.</subfield>
    </datafield>
    <datafield tag="510" ind1="4" ind2=" ">
      <subfield code="a">Simsar, Muhammed Ahmed. Oriental manuscripts of the John Frederick Lewis Collection,</subfield>
      <subfield code="c">18.</subfield>
    </datafield>
    <datafield tag="500" ind1=" " ind2=" ">
      <subfield code="a">Foliation: Modern foliation in pencil added, top left recto; catchwords every verso, lower left.</subfield>
    </datafield>
    <datafield tag="500" ind1=" " ind2=" ">
      <subfield code="a">Layout: 11 long lines with Persian in between each line; border- and line-ruled.</subfield>
    </datafield>
    <datafield tag="500" ind1=" " ind2=" ">
      <subfield code="a">Script: Written in naskh in black ink, pointed and vocalized with Persian in nastaʻliq in red and black ink, pointed.</subfield>
    </datafield>
    <datafield tag="500" ind1=" " ind2=" ">
      <subfield code="a">Decoration: Dual page illumination in gold, red, and blue on first opening (f. 1v-2r) with text in cloudbands. Textblock rule-bordered in gold and black, with an outer frame-rule in gold to contain marginalia. Line rules in gold between each line of the source-text and the translation. Textblock tinted beige. Sūrah titles in black ink on a gold background. Readings and marked text divisions in red; gold roundels mark verse ends. Gold circular medallions outlined and decorated with finials in blue in the margins also indicate textual divisions.</subfield>
    </datafield>
    <datafield tag="500" ind1=" " ind2=" ">
      <subfield code="a">Binding: Rebound in light brown leather over pasteboard with flap (Type II). The (possibly) original outside cover decorations of red leather with gold tooled sets of frames are attached to the outer boards; along with a matching piece of gold tooled red leather along the foredge flap. Doublure of reddish-brown leather.</subfield>
    </datafield>
    <datafield tag="500" ind1=" " ind2=" ">
      <subfield code="a">Origin: Copy is undated, but likely made in the mid-17th to mid-18th century, possibly in South Asia. The scribe gives his name as "Mīr Maḥmūd walad Mīr Muḥammad ʻAlī ibn Mīr Qāsim ibn Mīr Ḥusayn ibn Mīr Aḥmad ibn Mīr Saʻīd, ibn Mīr Ḥājjī ibn Mīr Sayyid Ḥusayn Qumī, Ridawī, Taqawī who now rests in peace in the city of Kashmir" (f. 392r).</subfield>
    </datafield>
    <datafield tag="541" ind1="1" ind2=" ">
      <subfield code="a">Gift of Anne Baker Lewis in 1933.</subfield>
    </datafield>
    <datafield tag="561" ind1="1" ind2=" ">
      <subfield code="a">Formerly owned by John Frederick Lewis.</subfield>
    </datafield>
    <datafield tag="650" ind1=" " ind2="0">
      <subfield code="a">Manuscripts, Arabic</subfield>
      <subfield code="y">17th century.</subfield>
    </datafield>
    <datafield tag="650" ind1=" " ind2="0">
      <subfield code="a">Manuscripts, Arabic</subfield>
      <subfield code="y">18th century.</subfield>
    </datafield>
    <datafield tag="650" ind1=" " ind2="0">
      <subfield code="a">Manuscripts, Oriental</subfield>
      <subfield code="y">17th century.</subfield>
    </datafield>
    <datafield tag="650" ind1=" " ind2="0">
      <subfield code="a">Manuscripts, Oriental</subfield>
      <subfield code="y">18th century.</subfield>
    </datafield>
    <datafield tag="650" ind1=" " ind2="7">
      <subfield code="a">Manuscripts, Arabic.</subfield>
      <subfield code="2">fast</subfield>
      <subfield code="0">(OCoLC)fst01008278</subfield>
    </datafield>
    <datafield tag="650" ind1=" " ind2="7">
      <subfield code="a">Manuscripts, Oriental.</subfield>
      <subfield code="2">fast</subfield>
      <subfield code="0">(OCoLC)fst01008453</subfield>
    </datafield>
    <datafield tag="648" ind1=" " ind2="7">
      <subfield code="a">1600-1799</subfield>
      <subfield code="2">fast</subfield>
    </datafield>
    <datafield tag="655" ind1=" " ind2="7">
      <subfield code="a">Codices (bound manuscripts)</subfield>
      <subfield code="2">aat</subfield>
    </datafield>
    <datafield tag="655" ind1=" " ind2="7">
      <subfield code="a">Illuminations (painting)</subfield>
      <subfield code="2">aat</subfield>
    </datafield>
    <datafield tag="655" ind1=" " ind2="7">
      <subfield code="a">Manuscripts (documents)</subfield>
      <subfield code="2">aat</subfield>
    </datafield>
    <datafield tag="655" ind1=" " ind2="7">
      <subfield code="a">Qurʼans.</subfield>
      <subfield code="2">aat</subfield>
    </datafield>
    <datafield tag="700" ind1="0" ind2=" ">
      <subfield code="6">880-03</subfield>
      <subfield code="a">Mīr Maḥmūd walad Mīr Muḥammad ʻAlī,</subfield>
      <subfield code="e">scribe.</subfield>
    </datafield>
    <datafield tag="700" ind1="1" ind2=" ">
      <subfield code="a">Lewis, Anne Baker,</subfield>
      <subfield code="d">1868-1937,</subfield>
      <subfield code="e">donor.</subfield>
    </datafield>
    <datafield tag="700" ind1="1" ind2=" ">
      <subfield code="a">Lewis, John Frederick,</subfield>
      <subfield code="d">1860-1932,</subfield>
      <subfield code="e">former owner.</subfield>
    </datafield>
    <datafield tag="710" ind1="2" ind2=" ">
      <subfield code="a">Free Library of Philadelphia.</subfield>
      <subfield code="b">Rare Book Department.</subfield>
      <subfield code="b">John Frederick Lewis collection of Oriental Manuscripts.</subfield>
    </datafield>
    <datafield tag="852" ind1=" " ind2=" ">
      <subfield code="b">Rare Book Department</subfield>
      <subfield code="a">Free Library of Philadelphia</subfield>
      <subfield code="e">Philadelphia</subfield>
      <subfield code="u">https://know.freelibrary.org/Record/2438123</subfield>
    </datafield>
    <datafield tag="880" ind1="0" ind2=" ">
      <subfield code="6">130-01/(3/r</subfield>
      <subfield code="a">قرآن.</subfield>
    </datafield>
    <datafield tag="880" ind1="1" ind2="3">
      <subfield code="6">245-02/(3/r</subfield>
      <subfield code="a">[القرآن].</subfield>
    </datafield>
    <datafield tag="880" ind1="0" ind2=" ">
      <subfield code="6">700-03/(3/r</subfield>
      <subfield code="a">مير محمود ولد مير محمد على.</subfield>
    </datafield>
    <datafield tag="066" ind1=" " ind2=" ">
      <subfield code="c">(3</subfield>
    </datafield>
  </record></collection>